@Book{CaB_2002,
  author =	 {George Casella and Roger L. Berger},
  title =	 {Statistical Inference},
  publisher =	 {Duxbury},
  year =	 2002,
  edition =	 {2nd}
}

@Book{SeL_2003,
  edition =	 {2nd},
  title =	 {Linear regression analysis},
  publisher =	 {{Wiley-Interscience}},
  author =	 {George Seber and Alan Lee},
  year =	 2003,
  pages =	 557
}
