@Book{CB02,
  author =	 {George Casella and Roger L. Berger},
  title =	 {Statistical Inference},
  publisher =	 {Duxbury},
  year =	 2002,
  edition =	 {2nd}}

@Book{DH97,
  author = 	 {A. C. Davison and D. V. Hinkley},
  title = 	 {Bootstrap Methods and their Application},
  publisher = 	 {Cambridge University Press},
  year = 	 1997}

@Article{Fis26,
  author = 	 {Ronald A. Fisher},
  title = 	 {The Arrangement of Field Experiments},
  journal = 	 {Journal of the Ministry of Agriculture of Great Britain},
  year = 	 1926,
  volume = 	 33,
  pages = 	 {503-513}}

@Book{Gre12,
  author = 	 {William H. Greene},
  title = 	 {Econometric Analysis},
  publisher = 	 {Prentice Hall},
  year = 	 2012,
  edition = 	 {7th}}

@Book{Hal91,
  author = 	 {Peter Hall},
  title = 	 {The Bootstrap and Edgeworth Expansion},
  publisher = 	 {Springer},
  year = 	 1991}

@Book{KZ08,
  author = 	 {Christian Kleiber and Achim Zeileis},
  title = 	 {Applied Econometrics with R},
  publisher = 	 {Springer},
  year = 	 2008,
  series = 	 {Use R!}}

@Book{SL03,
  title =	 {Linear regression analysis},
  publisher =	 {{Wiley-Interscience}},
  author =	 {George Seber and Alan Lee},
  year =	 2003,
  edition =	 {2nd}}

@article{Whi80,
  title =        {A heteroskedasticity-consistent covariance matrix
                  estimator and a direct test for heteroskedasticity},
  author =       {Halbert White},
  journal =      {Econometrica},
  pages =        {817-838},
  year =         1980}
